@article{algoImprovedDijkstra,
  title={Fibonacci heaps and their uses in improved network optimization algorithms},
  author={Fredman, Michael Lawrence; Tarjan, Robert E}
}

@misc{libRecast,
  title = {Recast navigation toolkit},
  howpublished = {\url{https://github.com/recastnavigation/recastnavigation}},
  note = {Accessed: 17--03--2016}
}

@misc{libQuickgraph,
  title = {Quickgraph},
  howpublished = {\url{https://quickgraph.codeplex.com/}},
  note = {Accessed: 17--03--2016}
}

@misc{libUrho,
  title = {Urho3D engine},
  howpublished = {\url{http://urho3d.github.io/}},
  note = {Accessed: 17--03--2016}
}

@misc{libSharpnav,
  title = {SharpNav},
  howpublished = {\url{https://github.com/Robmaister/SharpNav}},
  note = {Accessed: 17--03--2016}
}

@misc{libFastA,
  title = {FastA* 2D},
  howpublished = {\url{http://www.codeproject.com/Articles/118015/Fast-A-Star-D-Implementation-for-C}},
  note = {Accessed: 17--03--2016}
}


