
@misc{1billios,
  title = {1 billion Apple devices are in active use around the world},
  author={The Verge},
  howpublished = {\url{http://www.theverge.com/2016/1/26/10835748/apple-devices-active-1-billion-iphone-ipad-ios}},
  note = {Accessed: 03-04-2016}
}

@misc{iosnavigxtioncontroller,
  title = {Navigation Controller},
  author={Xamarin},
  howpublished = {\url{https://developer.xamarin.com/recipes/ios/content_controls/navigation_controller/}},
  note = {Accessed: 03-04-2016}
}

@misc{mvc,
  title = {Model-View-Controller Diagram},
  author={RegisFrey},
  howpublished = {\url{https://commons.wikimedia.org/wiki/File:MVC-Process.svg}},
  note = {Accessed: 03-04-2016}
}


