@article{algoBresenhamLine,
  title={Algorithm for computer control of a digital plotter},
  author={Jack E. Bresenham}
}

@article{algoImprovedDijkstra,
  title={Fibonacci heaps and their uses in improved network optimization algorithms},
  author={Fredman, Michael Lawrence; Tarjan, Robert E}
}

@misc{libRecast,
  title = {Recast navigation toolkit},
  howpublished = {\url{https://github.com/recastnavigation/recastnavigation}},
  note = {Accessed: 17--03--2016}
}

@misc{libQuickgraph,
  title = {Quickgraph},
  howpublished = {\url{https://quickgraph.codeplex.com/}},
  note = {Accessed: 17--03--2016}
}

@misc{libUrho,
  title = {Urho3D engine},
  howpublished = {\url{http://urho3d.github.io/}},
  note = {Accessed: 17--03--2016}
}

@misc{libSharpnav,
  title = {SharpNav},
  howpublished = {\url{https://github.com/Robmaister/SharpNav}},
  note = {Accessed: 17--03--2016}
}

@misc{libFastA,
  title = {FastA* 2D},
  howpublished = {\url{http://www.codeproject.com/Articles/118015/Fast-A-Star-D-Implementation-for-C}},
  note = {Accessed: 17--03--2016}
}



@misc{1billios,
  title = {1 billion Apple devices are in active use around the world},
  author={The Verge},
  howpublished = {\url{http://www.theverge.com/2016/1/26/10835748/apple-devices-active-1-billion-iphone-ipad-ios}},
  note = {Accessed: 03-04-2016}
}

@misc{iosnavigxtioncontroller,
  title = {Navigation Controller},
  author={Xamarin},
  howpublished = {\url{https://developer.xamarin.com/recipes/ios/content_controls/navigation_controller/}},
  note = {Accessed: 03-04-2016}
}

@misc{mvc,
  title = {Model-View-Controller Diagram},
  author={RegisFrey},
  howpublished = {\url{https://commons.wikimedia.org/wiki/File:MVC-Process.svg}},
  note = {Accessed: 03-04-2016}
}


@article{integrationError,
  title={Numerical double integration of acceleration measurements in noise},
  author={Thong, YK and Woolfson, MS and Crowe, JA and Hayes-Gill, BR and Jones, DA},
  journal={Measurement},
  volume={36},
  number={1},
  pages={73--92},
  year={2004},
  publisher={Elsevier}
}

@article{integrationErrorPractical,
  title={Dependence of inertial measurements of distance on accelerometer noise},
  author={Thong, YK and Woolfson, MS and Crowe, JA and Hayes-Gill, BR and Challis, RE},
  journal={Measurement Science and Technology},
  volume={13},
  number={8},
  pages={1163--1172},
  year={2002},
  publisher={IOP Publishing}
}

@article{foxlin2005pedestrian,
  title={Pedestrian tracking with shoe-mounted inertial sensors},
  author={Foxlin, Eric},
  journal={Computer Graphics and Applications, IEEE},
  volume={25},
  number={6},
  pages={38--46},
  year={2005},
  publisher={IEEE}
}

@inproceedings{wang2012no,
  title={No need to war-drive: unsupervised indoor localization},
  author={Wang, He and Sen, Souvik and Elgohary, Ahmed and Farid, Moustafa and Youssef, Moustafa and Choudhury, Romit Roy},
  booktitle={Proceedings of the 10th international conference on Mobile systems, applications, and services},
  pages={197--210},
  year={2012},
  organization={ACM}
}

@inproceedings{li2012reliable,
  title={A reliable and accurate indoor localization method using phone inertial sensors},
  author={Li, Fan and Zhao, Chunshui and Ding, Guanzhong and Gong, Jian and Liu, Chenxing and Zhao, Feng},
  booktitle={Proceedings of the 2012 ACM Conference on Ubiquitous Computing},
  pages={421--430},
  year={2012},
  organization={ACM}
}

@inproceedings{jin2011robust,
  title={A robust dead-reckoning pedestrian tracking system with low cost sensors},
  author={Jin, Yunye and Toh, Hong-Song and Soh, Wee-Seng and Wong, Wai-Choong},
  booktitle={Pervasive Computing and Communications (PerCom), 2011 IEEE International Conference on},
  pages={222--230},
  year={2011},
  organization={IEEE}
}

@article{susi2013motion,
  title={Motion mode recognition and step detection algorithms for mobile phone users},
  author={Susi, Melania and Renaudin, Val{\'e}rie and Lachapelle, G{\'e}rard},
  journal={Sensors},
  volume={13},
  number={2},
  pages={1539--1562},
  year={2013},
  publisher={Multidisciplinary Digital Publishing Institute}
}

@article{zeng2015novel,
  title={A Novel Step Counting Algorithm Based on Acceleration and Gravity Sensors of a Smart-Phone},
  author={Zeng, Qingchi and Zhou, Biao and Jing, Changqiang and Kim, Nammoon and Kim, Youngok},
  journal={parameters},
  volume={9},
  number={4},
  year={2015}
}

@article{lee2015step,
  title={Step detection robust against the dynamics of smartphones},
  author={Lee, Hwan-hee and Choi, Suji and Lee, Myeong-jin},
  journal={Sensors},
  volume={15},
  number={10},
  pages={27230--27250},
  year={2015},
  publisher={Multidisciplinary Digital Publishing Institute}
}

@misc{accelerometerAcceleration,
  title = {SensorEvent class overview},
  howpublished = {\url{http://developer.android.com/reference/android/hardware/SensorEvent.html#values}},
  note = {Accessed: 03-04-2016}
}

@misc{axisDevice,
  title = {Sensors Overview - Sensor Coordinate system},
  howpublished = {\url{http://developer.android.com/guide/topics/sensors/sensors_overview.html}},
  note = {Accessed: 03-04-2016}
}

@misc{ENU,
  title = {SensorManager Class Overview},
  howpublished = {\url{http://developer.android.com/reference/android/hardware/SensorManager.html#getRotationMatrix(float[], float[], float[], float[])}},
  note = {Accessed: 08-04-2016}
}

@inproceedings{casiez20121,
  title={1 Euro filter: a simple speed-based low-pass filter for noisy input in interactive systems},
  author={Casiez, G{\'e}ry and Roussel, Nicolas and Vogel, Daniel},
  booktitle={Proceedings of the SIGCHI Conference on Human Factors in Computing Systems},
  pages={2527--2530},
  year={2012},
  organization={ACM}
}

@phdthesis{walkingFrequency,
    title    = {Monitoring and Interpreting Human Movement Patterns Using a Triaxial Accelerometer},
    school   = {University of New South Wales},
    author   = {Mathie, Merryn},
    year     = {2003}, 
}

@misc{butterworthResponse,
  title = {Butterworth Filter Design},
  howpublished = {\url{http://www.electronics-tutorials.ws/filter/filter_8.html}},
  note = {Accessed: 2016-04-07}
}

@misc{filterTool,
  title = {Butterworth / Bessel / Chebyshev Filters},
  howpublished = {\url{https://www-users.cs.york.ac.uk/~fisher/mkfilter/trad.html}},
  note = {Accessed: 2016-04-07}
}

@book{bianchi2007electronic,
  title={Electronic Filter Simulation \& Design},
  author={Bianchi, G.},
  isbn={9780071494670},
  lccn={2007016736},
  year={2007},
  publisher={McGraw-Hill Education}
}

@misc{azimuthDefinition,
  title = {Position Sensors},
  howpublished = {\url{http://developer.android.com/guide/topics/sensors/sensors_position.html#sensors-pos-orient}},
  note = {Accessed: 17-04-2016}
}

@misc{azimuthFinal,
  title = {Android getOrientation Azimuth gets polluted when phone is tilted},
  author = {Nguyen, Hoan},
  howpublished = {\url{http://stackoverflow.com/a/17981374}},
  note = {Accessed: 17-04-2016}
}

@inbook{Inoue2009,
 title={Indoor Positioning System Using Beacon Devices for Practical Pedestrian Navigation on Mobile Phone},
 author={Inoue, Yutaka and Sashima, Akio and Kurumatani, Koichi},
 booktitle={Ubiquitous Intelligence and Computing},
 pages={251--265},
 year={2009},
 publisher={Springer Berlin Heidelberg}
}

@inproceedings{baro2014,
  title={Barometric phone sensors: more hype than hope!},
  author={Muralidharan, Kartik and Khan, Azeem Javed and Misra, Archan and Balan, Rajesh Krishna and Agarwal, Sharad},
  booktitle={Proceedings of the 15th Workshop on Mobile Computing Systems and Applications},
  year={2014},
  organization={ACM}
}
	  
@inproceedings{baro22014,
  title={Beyond horizontal location context: measuring elevation using smartphone's barometer},
  author={Guangwen, Liu and Iwai, Masayuki and Tobe, Yoshito and Dunstan, Matekenya and Hossain, Khan Muhammad Asif and Ito, Masaki and Sezaki, Kaoru},
  booktitle={Proceedings of the 2014 ACM International Joint Conference on Pervasive and Ubiquitous Computing: Adjunct Publication},
  year={2014},
  organization={ACM}
}

@misc{navMeaning,
  title = {Navigation},
  howpublished = {\url{http://www.businessdictionary.com/definition/navigation.html}},
  note = {Accessed: 17-04-2016}
}

@misc{gps,
  title = {Apllications of GPS},
  howpublished = {\url{http://www8.garmin.com/aboutGPS/applications.html}},
  note = {Accessed: 17-04-2016}
}

@misc{indoorAtlas,
  title = {Making indoor worlds discoverable},
  howpublished = {\url{https://www.indooratlas.com/}},
  note = {Accessed: 17-04-2016}
}

@misc{IAReport,
  title = {Indoor navigation on your smartphone, using the Earth’s magnetic field — just like a pigeon},
  author = {Sebastian Anthony},
  howpublished = {\url{http://www.extremetech.com/computing/132484-indoor-navigation-on-your-smartphone-using-the-earths-magnetic-field-just-like-a-homing-pigeon}},
  note = {Accessed: 17-04-2016}
}

@misc{pigeon,
  title = {Homing pigeons reveal true magnetism},
  author = {Michael Hopkin},
  howpublished = {\url{http://www.nature.com/news/2004/041122/full/news041122-7.html}},
  note = {Accessed: 17-04-2016}
}

@misc{phoneMarketShare,
  title = {Smartphone OS Market Share, 2015 Q2},
  howpublished = {\url{http://www.idc.com/prodserv/smartphone-os-market-share.jsp}},
  note = {Accessed: 17-04-2016}
}

@misc{iosSpecs,
  title = {iphone 6 specs},
  howpublished = {\url{http://www.apple.com/iphone-6/specs/}},
  note = {Accessed: 17-04-2016}
}

@misc{m8,
  title = {The new M8 Motion coprocessor will bring low-power awareness to the new iPhones},
  author = {Jerry Hildenbrand},
  howpublished = {\url{http://www.imore.com/new-m8-motion-coprocessor-will-bring-low-power-awareness-new-iphones}},
  note = {Accessed: 17-04-2016}
}

@misc{motoSpecs,
  title = {Motorola Moto G (2nd gen) specs},
  howpublished = {\url{http://www.gsmarena.com/motorola_moto_g_(2nd_gen)-6647.php}},
  note = {Accessed: 17-04-2016}
}

@misc{xcode,
  title = {Xcode},
  howpublished = {\url{https://developer.apple.com/xcode/}},
  note = {Accessed: 17-04-2016}
}

@misc{swift,
  title = {About Swift},
  howpublished = {\url{https://developer.apple.com/library/ios/documentation/Swift/Conceptual/Swift_Programming_Language/}},
  note = {Accessed: 17-04-2016}
}

@misc{androidStudio,
  title = {Android Studio Overview},
  howpublished = {\url{http://developer.android.com/tools/studio/index.html}},
  note = {Accessed: 17-04-2016}
}

@misc{xamarin,
  title = {Xamarin},
  howpublished = {\url{https://www.xamarin.com/}},
  note = {Accessed: 17-04-2016}
}


@misc{itDev,
  title = {Iterative Development},
  howpublished = {\url{http://www.tutorialspoint.com/sdlc/sdlc\_iterative\_model.htm/}},
  note = {Accessed: 17-04-2016}
}

