@inbook{Inoue2009,
 title={Indoor Positioning System Using Beacon Devices for Practical Pedestrian Navigation on Mobile Phone},
 author={Inoue, Yutaka and Sashima, Akio and Kurumatani, Koichi},
 booktitle={Ubiquitous Intelligence and Computing},
 pages={251--265},
 year={2009},
 publisher={Springer Berlin Heidelberg}
}

@inproceedings{baro2014,
  title={Barometric phone sensors: more hype than hope!},
  author={Muralidharan, Kartik and Khan, Azeem Javed and Misra, Archan and Balan, Rajesh Krishna and Agarwal, Sharad},
  booktitle={Proceedings of the 15th Workshop on Mobile Computing Systems and Applications},
  year={2014},
  organization={ACM}
}
	  
@inproceedings{baro22014,
  title={Beyond horizontal location context: measuring elevation using smartphone's barometer},
  author={Guangwen, Liu and Iwai, Masayuki and Tobe, Yoshito and Dunstan, Matekenya and Hossain, Khan Muhammad Asif and Ito, Masaki and Sezaki, Kaoru},
  booktitle={Proceedings of the 2014 ACM International Joint Conference on Pervasive and Ubiquitous Computing: Adjunct Publication},
  year={2014},
  organization={ACM}
}