@article{integrationError,
  title={Numerical double integration of acceleration measurements in noise},
  author={Thong, YK and Woolfson, MS and Crowe, JA and Hayes-Gill, BR and Jones, DA},
  journal={Measurement},
  volume={36},
  number={1},
  pages={73--92},
  year={2004},
  publisher={Elsevier}
}

@article{integrationErrorPractical,
  title={Dependence of inertial measurements of distance on accelerometer noise},
  author={Thong, YK and Woolfson, MS and Crowe, JA and Hayes-Gill, BR and Challis, RE},
  journal={Measurement Science and Technology},
  volume={13},
  number={8},
  pages={1163--1172},
  year={2002},
  publisher={IOP Publishing}
}

@article{foxlin2005pedestrian,
  title={Pedestrian tracking with shoe-mounted inertial sensors},
  author={Foxlin, Eric},
  journal={Computer Graphics and Applications, IEEE},
  volume={25},
  number={6},
  pages={38--46},
  year={2005},
  publisher={IEEE}
}

@inproceedings{wang2012no,
  title={No need to war-drive: unsupervised indoor localization},
  author={Wang, He and Sen, Souvik and Elgohary, Ahmed and Farid, Moustafa and Youssef, Moustafa and Choudhury, Romit Roy},
  booktitle={Proceedings of the 10th international conference on Mobile systems, applications, and services},
  pages={197--210},
  year={2012},
  organization={ACM}
}

@inproceedings{li2012reliable,
  title={A reliable and accurate indoor localization method using phone inertial sensors},
  author={Li, Fan and Zhao, Chunshui and Ding, Guanzhong and Gong, Jian and Liu, Chenxing and Zhao, Feng},
  booktitle={Proceedings of the 2012 ACM Conference on Ubiquitous Computing},
  pages={421--430},
  year={2012},
  organization={ACM}
}

@inproceedings{jin2011robust,
  title={A robust dead-reckoning pedestrian tracking system with low cost sensors},
  author={Jin, Yunye and Toh, Hong-Song and Soh, Wee-Seng and Wong, Wai-Choong},
  booktitle={Pervasive Computing and Communications (PerCom), 2011 IEEE International Conference on},
  pages={222--230},
  year={2011},
  organization={IEEE}
}

@article{susi2013motion,
  title={Motion mode recognition and step detection algorithms for mobile phone users},
  author={Susi, Melania and Renaudin, Val{\'e}rie and Lachapelle, G{\'e}rard},
  journal={Sensors},
  volume={13},
  number={2},
  pages={1539--1562},
  year={2013},
  publisher={Multidisciplinary Digital Publishing Institute}
}

@article{zeng2015novel,
  title={A Novel Step Counting Algorithm Based on Acceleration and Gravity Sensors of a Smart-Phone},
  author={Zeng, Qingchi and Zhou, Biao and Jing, Changqiang and Kim, Nammoon and Kim, Youngok},
  journal={parameters},
  volume={9},
  number={4},
  year={2015}
}

@article{lee2015step,
  title={Step detection robust against the dynamics of smartphones},
  author={Lee, Hwan-hee and Choi, Suji and Lee, Myeong-jin},
  journal={Sensors},
  volume={15},
  number={10},
  pages={27230--27250},
  year={2015},
  publisher={Multidisciplinary Digital Publishing Institute}
}

@misc{accelerometerAcceleration,
  title = {SensorEvent class overview},
  howpublished = {\url{http://developer.android.com/reference/android/hardware/SensorEvent.html#values}},
  note = {Accessed: 03-04-2016}
}

@misc{axisDevice,
  title = {Sensors Overview - Sensor Coordinate system},
  howpublished = {\url{http://developer.android.com/guide/topics/sensors/sensors_overview.html}},
  note = {Accessed: 03-04-2016}
}